@book{10.5555/552293,
author = {Garg, Vijay K. and Wilkes, Joseph E.},
title = {Principles and Applications of GSM},
year = {1998},
isbn = {0139491244},
publisher = {Prentice Hall PTR},
}

@ARTICLE{5490974,
  author={Ghosh, Amitava and Ratasuk, Rapeepat and Mondal, Bishwarup and Mangalvedhe, Nitin and Thomas, Tim},
  journal={IEEE Wireless Communications}, 
  title={LTE-advanced: next-generation wireless broadband technology [Invited Paper]}, 
  year={2010},
  volume={17},
  number={3},
  doi={10.1109/MWC.2010.5490974}}
